<record><leader>00000cas a22000007a 4500</leader><controlfield tag="001">19260170</controlfield><controlfield tag="008">890224d19491956mduwr ne      0    0eng d</controlfield><datafield ind1=" " ind2=" " tag="010"><subfield code="a">sn 88065750 </subfield></datafield><datafield ind1=" " ind2=" " tag="040"><subfield code="a">MFN</subfield><subfield code="b">eng</subfield><subfield code="c">MFN</subfield><subfield code="d">OCLCQ</subfield></datafield><datafield ind1=" " ind2=" " tag="042"><subfield code="a">msc</subfield></datafield><datafield ind1=" " ind2="4" tag="050"><subfield code="a">AN41.641.B4</subfield><subfield code="b">R421</subfield></datafield><datafield ind1="0" ind2="4" tag="245"><subfield code="a">The record of Montgomery County.</subfield></datafield><datafield ind1=" " ind2=" " tag="260"><subfield code="a">Bethesda, Md. :</subfield><subfield code="b">Record, Inc.</subfield></datafield><datafield ind1=" " ind2=" " tag="300"><subfield code="a">v.</subfield></datafield><datafield ind1=" " ind2=" " tag="310"><subfield code="a">Weekly</subfield></datafield><datafield ind1="0" ind2=" " tag="362"><subfield code="a">Vol. 6, no. 3 (Jan. 21, 1949)-v. 13, no. 20 (May 17, 1956).</subfield></datafield><datafield ind1=" " ind2=" " tag="752"><subfield code="a">United States</subfield><subfield code="b">Maryland</subfield><subfield code="c">Montgomery</subfield><subfield code="d">Bethesda.</subfield></datafield><datafield ind1="0" ind2="0" tag="780"><subfield code="t">Record of Bethesda-Chevy Chase</subfield><subfield code="w">(DLC)sn 88065749</subfield></datafield><datafield ind1="0" ind2="5" tag="780"><subfield code="t">Bethesda journal</subfield><subfield code="w">(DLC)sn 89060157</subfield></datafield><datafield ind1="0" ind2="0" tag="785"><subfield code="t">Bethesda record</subfield><subfield code="w">(DLC)sn 88065751</subfield></datafield></record>